@inproceedings{litvinov2015trikstudio,
	title={TRIK Studio: среда обучения программированию с применением роботов},
	author={Ю.В. Литвинов and Я.А. Кириленко},
	booktitle={V Всероссийская конференция «Современное технологическое обучение: от компьютера к роботу» (сборник тезисов)},
	location={СПб.},
	publisher={ЗАО «Полиграфическое предприятие № 3»},
	year={2015},
	pages={5--7},
}

@inproceedings{kuzenkova2013qreal,
	title={QReal DSM platform-An Environment for Creation of Specific Visual IDEs.},
	author={Kuzenkova, Anastasiia and Deripaska, Anna and Bryksin, Timofey and Litvinov, Yurii and Polyakov, Vladimir},
	booktitle={ENASE},
	pages={205--211},
	year={2013}
}

@inproceedings{terekhov2013robots,
	title={Среда визуального программирования роботов QReal:Robots},
	author={А.Н. Терехов and Т.А. Брыксин and Ю.В. Литвинов},
	booktitle={III Всероссийская конференция "Современное технологическое обучение: от компьютера к роботу" (сборник тезисов)},
	location={СПб.},
	year={2013},
	pages={2--5},
}

@inproceedings{litvinov2012robots,
	title={Визуальные средства программирования роботов и их использование в школах},
	author={Ю.В. Литвинов},
	booktitle={Современные информационные технологии и ИТ-образование, сборник избранных трудов VII Международной научно - практической конференции},
	location={М.},
	publisher={ИНТУИТ.РУ},
	year={2012},
	pages={858--868},
}

@inproceedings{osechkina2012multistroke,
	title={Multistroke Mouse Gestures Recognition in QReal metaCASE Technology},
	author={Maria Osechkina and Yuri Litvinov and Timofey Bryksin},
	booktitle={SYRCoSE 2012: Proceedings of the 6th Spring/Summer Young Researchers’ Colloquium on Software Engineering},
	location={Perm},
	publisher={ISPRAS},
	year={2012},
	pages={194--200},
}

@inproceedings{sokovikova2012usability,
	title={Usability в проекте QReal:Robots},
	author={Н.А. Соковикова},
	booktitle={Список-2012: Материалы всероссийской научной конференции по проблемам информатики. 25-27 апр. 2012г., Санкт-Петербург},
	location={СПб.},
	publisher={Изд-во ВВМ},
	year={2012},
	pages={66--69},
}

@inproceedings{tikhonova2012robots,
	title={Среда программирования QReal:Robots},
	author={М.В. Тихонова},
	booktitle={Список-2012: Материалы всероссийской научной конференции по проблемам информатики. 25-27 апр. 2012г, Санкт-Петербург},
	location={СПб.},
	publisher={Изд-во ВВМ},
	year={2012},
	pages={70--75},
}

@inproceedings{bryksin2011robots,
	title={Среда визуального программирования роботов QReal:Robots},
	author={Т.А. Брыксин and Ю.В. Литвинов},
	booktitle={Материалы международной конференции "Информационные технологии в образовании и науке"},
	location={Самара},
	publisher={Самарский филиал МГПУ, МГПУ},
	year={2011},
	pages={332--334},
}

@article{kuzenkova2011qreal,
	title={Средства быстрой разработки предметно-ориентированных решений в metaCASE-средстве QReal},
	author={А.С. Кузенкова and А.О. Дерипаска and К.С. Таран and А.В. Подкопаев and Ю.В. Литвинов and Т.А. Брыксин},
	journal={Научно-технические ведомости СПбГПУ, Информатика, телекоммуникации, управление},
	number={4 (128)},
	location={СПб.},
	publisher={Изд-во Политехнического Университета},
	year={2011},
	pages={142--145},
}

@article{terekhov2009architecture,
	title={Архитектура среды визуального моделирования QReal},
	author={А.Н. Терехов and Т.А. Брыксин and Ю.В. Литвинов and К.К. Смирнов and Г.А. Никандров and В.Ю. Иванов and Е.И. Такун},
	journal={Системное программирование},
	number={4},
	location={СПб.},
	publisher={Изд-во СПбГУ},
	year={2009},
	pages={171--196},
}
		
@article{portsmore1999robolab,
	title={ROBOLAB: Intuitive Robotic Programming Software to Support Life Long Learning},
	author={Portsmore, Merredith},
	journal={APPLE Learning Technology Review},
	year={1999}
}

@article{banerjee2013graphical,
	title={Graphical user interface (GUI) testing: Systematic mapping and repository},
	author={Banerjee, Ishan and Nguyen, Bao and Garousi, Vahid and Memon, Atif},
	journal={Information and Software Technology},
	volume={55},
	number={10},
	pages={1679--1694},
	year={2013},
	publisher={Elsevier}
}

@book{kotlyarov2006testing,
	title={Основы тестирования программного обеспечения},
	author={В.П. Котляров and Т.В. Коликова},
	publisher={Бином},
	location={М.},
	pages={285}
}