@inproceedings{terekhov2013robots,
	title={Среда визуального программирования роботов QReal:Robots},
	author={А.Н. Терехов and Т.А. Брыксин and Ю.В. Литвинов},
	booktitle={III Всероссийская конференция "Современное технологическое обучение: от компьютера к роботу" (сборник тезисов)},
	address={СПб.},
	year={2013},
	pages={2--5},
	language={russian},
}

@inproceedings{kuzenkova2013refactoring,
	title={Поддержка механизма рефакторингов в DSM-платформе QReal},
	author={А.С. Кузенкова and Ю.В. Литвинов},
	booktitle={Материалы межвузовского конкурса-конференции студентов, аспирантов и молодых ученых Северо-Запада "Технологии Microsoft в теории и практике программирования"},
	address={СПб.},
	publisher={Изд-во СПбГПУ},
	year={2013},
	pages={71--72},
	language={russian},
}

@inproceedings{terekhov2013secr,
	title={QReal:Robots --- an environment for teaching computer science and robotics in schools},
	author={A. Terekhov and Y. Litvinov and T. Bryksin},
	booktitle={CEE-SECR '13 Proceedings of the 9th Central \& Eastern European Software Engineering Conference in Russia},
	address={New York, NY, USA},
	publisher={ACM},
	year={2013},
	medium={electronic resource},
	url={http://dl.acm.org/citation.cfm?id=2556610.2596543},
	urldate={2015-11-30},
}

@inproceedings{litvinov2012robots,
	title={Визуальные средства программирования роботов и их использование в школах},
	author={Ю.В. Литвинов},
	booktitle={Современные информационные технологии и ИТ-образование, сборник избранных трудов VII Международной научно - практической конференции},
	address={М.},
	publisher={ИНТУИТ.РУ},
	year={2012},
	pages={858--868},
	language={russian},
}

@inproceedings{osechkina2012multistroke,
	title={Multistroke Mouse Gestures Recognition in QReal metaCASE Technology},
	author={M. Osechkina and Y. Litvinov and T. Bryksin},
	booktitle={SYRCoSE 2012: Proceedings of the 6th Spring/Summer Young Researchers’ Colloquium on Software Engineering},
	address={Perm},
	publisher={ISPRAS},
	year={2012},
	pages={194--200},
}

@inproceedings{kuzenkova2011metamodeling2,
	title={Поддержка метамоделирования в среде визуального программирования QReal},
	author={А.С. Кузенкова and А.О. Дерипаска and Ю.В. Литвинов},
	booktitle={Материалы межвузовского конкурса-конференции студентов, аспирантов и молодых ученых Северо-Запада "Технологии Microsoft в теории и практике программирования"},
	address={СПб.},
	publisher={Изд-во СПбГПУ},
	year={2011},
	pages={100--101},
	language={russian},
}

@inproceedings{bryksin2011qreal,
	title={Технология визуального предметно-ориентированного проектирования и разработки ПО QReal},
	author={Т.А. Брыксин and Ю.В. Литвинов},
	booktitle={Материалы второй научно-технической конференции молодых специалистов «Старт в будущее», посвященной 50-летию полета Ю.А. Гагарина в космос},
	address={СПб.},
	publisher={ОАО "КБСМ"},
	year={2011},
	pages={222--225},
	language={russian},
}

@inproceedings{kuzenkova2011metamodeling,
	title={Метамоделирование: современный подход к созданию средств визуального проектирования},
	author={А.С. Кузенкова and Т.А. Брыксин and Ю.В. Литвинов},
	booktitle={Материалы второй научно-технической конференции молодых специалистов «Старт в будущее», посвященной 50-летию полета Ю.А. Гагарина в космос},
	address={СПб.},
	publisher={ОАО "КБСМ"},
	year={2011},
	pages={228--231},
	language={russian},
}

@inproceedings{bryksin2011robots,
	title={Среда визуального программирования роботов QReal:Robots},
	author={Т.А. Брыксин and Ю.В. Литвинов},
	booktitle={Материалы международной конференции "Информационные технологии в образовании и науке"},
	address={Самара},
	publisher={Самарский филиал МГПУ, МГПУ},
	year={2011},
	pages={332--334},
	language={russian},
}

@inproceedings{bryksin2011ubiq,
	title={Ubiq Mobile + QReal: a Technology for Development of Distributed Mobile Services},
	author={T. Bryksin and Y. Litvinov and V. Onossovski and A.N. Terekhov},
	booktitle={10th Conference of Open Innovations Association FRUCT and the 2nd Finnish-Russian Mobile Linux Summit: Proceedings},
	address={Saint-Petersburg},
	publisher={State University of Aerospace Instrumentation (SUAI)},
	year={2011},
	pages={27--35},
}

@article{osechkina2010gestures,
	title={Поддержка жестов мышью в мета-CASE-системах},
	author={М.С. Осечкина and Т.А. Брыксин and Ю.В. Литвинов and Я.А. Кириленко},
	journal={Системное программирование},
	number={5},
	address={СПб.},
	publisher={Изд-во СПбГУ},
	year={2010},
	pages={52--75},
	language={russian},
}

@article{terekhov2009architecture,
	title={Архитектура среды визуального моделирования QReal},
	author={А.Н. Терехов and Т.А. Брыксин and Ю.В. Литвинов and К.К. Смирнов and Г.А. Никандров and В.Ю. Иванов and Е.И. Такун},
	journal={Системное программирование},
	number={4},
	address={СПб.},
	publisher={Изд-во СПбГУ},
	year={2009},
	pages={171--196},
	language={russian},
}
