@inproceedings{kuzenkova2013qreal,
	title={QReal DSM platform-An Environment for Creation of Specific Visual IDEs},
	author={Kuzenkova, Anastasiia and Deripaska, Anna and Bryksin, Timofey and Litvinov, Yurii and Polyakov, Vladimir},
	booktitle={ENASE 2013 --- Proceedings of the 8th International Conference on Evaluation of Novel Approaches to Software Engineering},
	pages={205--211},
	year={2013},
	publisher={SciTePress},
	address={Setubal, Portugal},
	isbn={978-989-8565-62-4},
}
