@article{kuzenkova2011qreal,
	title={Средства быстрой разработки предметно-ориентированных решений в metaCASE-средстве QReal},
	author={А.С. Кузенкова and А.О. Дерипаска and К.С. Таран and А.В. Подкопаев and Ю.В. Литвинов and Т.А. Брыксин},
	journal={Научно-технические ведомости СПбГПУ, Информатика, телекоммуникации, управление},
	number={4 (128)},
	location={СПб.},
	publisher={Изд-во Политехнического Университета},
	year={2011},
	pages={142--145},
}

@article{litvinov2013robots,
	title={Реализация визуальных средств программирования роботов для изучения информатики в школах},
	author={Литвинов Ю.В.},
	journal={Компьютерные инструменты в образовании},
	number={1},
	location={СПб.},
	year={2013},
	pages={36--45},
}

@article{terekhov2013qreal,
	title={QReal: платформа визуального предметно-ориентированного моделирования},
	author={Терехов А.Н., Брыксин Т.А., Литвинов Ю.В.},
	journal={Программная инженерия},
	number={6},
	year={2013},
	pages={11--19},
}