@book{karpov2010model,
  title={MODEL СHECKING. Верификация параллельных и распределенных программных систем},
  author={Карпов, Юрий Глебович},
  year={2010},
  publisher={БХВ-Петербург}
}

@book{clarke1999model,
  title={Model checking},
  author={Clarke, Edmund M and Grumberg, Orna and Peled, Doron},
  year={1999},
  publisher={MIT press}
}

@book{hoare1985csp,
 author = {Hoare, C. A. R.},
 title = {Communicating Sequential Processes},
 year = {1985},
 isbn = {0-13-153271-5},
 publisher = {Prentice-Hall, Inc.},
 address = {Upper Saddle River, NJ, USA},
} 

@inproceedings{srivastava2014combined,
  title={Combined task and motion planning through an extensible planner-independent interface layer},
  author={Srivastava, Sanjeev and Fang, Eugene and Riano, Lorenzo and Chitnis, Rohan and Russell, Stephen and Abbeel, Pieter},
  booktitle={Robotics and Automation (ICRA), 2014 IEEE International Conference on},
  pages={639--646},
  year={2014},
  organization={IEEE}
}

@article{kripke1963semantical,
  title={Semantical analysis of modal logic i normal modal propositional calculi},
  author={Kripke, Saul A},
  journal={Mathematical Logic Quarterly},
  volume={9},
  number={5-6},
  pages={67--96},
  year={1963},
  publisher={Wiley Online Library}
}

@article{emerson1990temporal,
  title={Temporal and modal logic.},
  author={Emerson, E Allen},
  journal={Handbook of Theoretical Computer Science, Volume B: Formal Models and Sematics (B)},
  volume={995},
  number={1072},
  pages={5},
  year={1990}
}

@article{clarke1986automatic,
  title={Automatic verification of finite-state concurrent systems using temporal logic specifications},
  author={Clarke, Edmund M. and Emerson, E. Allen and Sistla, A. Prasad},
  journal={ACM Transactions on Programming Languages and Systems (TOPLAS)},
  volume={8},
  number={2},
  pages={244--263},
  year={1986},
  publisher={ACM}
}

@article{lamport1994temporal,
  title={The temporal logic of actions},
  author={Lamport, Leslie},
  journal={ACM Transactions on Programming Languages and Systems (TOPLAS)},
  volume={16},
  number={3},
  pages={872--923},
  year={1994},
  publisher={ACM}
}

@article{chatterjee2014qualitative,
  title={Qualitative analysis of pomdps with temporal logic specifications for robotics applications},
  author={Chatterjee, Krishnendu and Chmel{\'\i}k, Martin and Gupta, Raghav and Kanodia, Ayush},
  journal={arXiv preprint arXiv:1409.3360},
  year={2014}
}

@article{chatterjee2013decidable,
  title={What is Decidable about Partially Observable Markov Decision Processes with $\{$$\backslash$ omega$\}$-Regular Objectives},
  author={Chatterjee, Krishnendu and Chmelik, Martin and Tracol, Mathieu},
  journal={arXiv preprint arXiv:1309.2802},
  year={2013}
}

@article{baier2012probabilistic,
  title={Probabilistic $\omega$-automata},
  author={Baier, Christel and Gr{\"o}{\ss}er, Marcus and Bertrand, Nathalie},
  journal={Journal of the ACM (JACM)},
  volume={59},
  number={1},
  pages={1},
  year={2012},
  publisher={ACM}
}

@article{fu2014pareto,
  title={Pareto efficiency in synthesizing shared autonomy policies with temporal logic constraints},
  author={Fu, Jie and Topcu, Ufuk},
  journal={arXiv preprint arXiv:1412.6029},
  year={2014}
}

@article{mcghan2015human,
  title={Human intent prediction using markov decision processes},
  author={McGhan, Catharine LR and Nasir, Ali and Atkins, Ella M},
  journal={Journal of Aerospace Information Systems},
  pages={1--5},
  year={2015},
  publisher={American Institute of Aeronautics and Astronautics}
}

@article{rothkopf2013modular,
  title={Modular inverse reinforcement learning for visuomotor behavior},
  author={Rothkopf, Constantin A and Ballard, Dana H},
  journal={Biological cybernetics},
  volume={107},
  number={4},
  pages={477--490},
  year={2013},
  publisher={Springer}
}

@article{pentland1999modeling,
  title={Modeling and prediction of human behavior},
  author={Pentland, Alex and Liu, Andrew},
  journal={Neural computation},
  volume={11},
  number={1},
  pages={229--242},
  year={1999},
  publisher={MIT Press}
}

@article{beranek1961ronald,
  title={RONALD A. HOWARD “Dynamic Programming and Markov Processes,”},
  author={Beranek, William},
  journal={Technometrics},
  volume={3},
  number={1},
  pages={120--121},
  year={1961},
  publisher={Taylor \& Francis Group}
}

@article{alur1995algorithmic,
  title={The algorithmic analysis of hybrid systems},
  author={Alur, Rajeev and Courcoubetis, Costas and Halbwachs, Nicolas and Henzinger, Thomas A and Ho, P-H and Nicollin, Xavier and Olivero, Alfredo and Sifakis, Joseph and Yovine, Sergio},
  journal={Theoretical computer science},
  volume={138},
  number={1},
  pages={3--34},
  year={1995},
  publisher={Elsevier}
}

@incollection{platzer2008keymaera,
  title={KeYmaera: A hybrid theorem prover for hybrid systems (system description)},
  author={Platzer, Andr{\'e} and Quesel, Jan-David},
  booktitle={Automated Reasoning},
  pages={171--178},
  year={2008},
  publisher={Springer}
}

@incollection{frehse2005phaver,
  title={PHAVer: Algorithmic verification of hybrid systems past HyTech},
  author={Frehse, Goran},
  booktitle={Hybrid Systems: Computation and Control},
  pages={258--273},
  year={2005},
  publisher={Springer}
}

@inproceedings{henzinger1997hytech,
  title={HyTech: A model checker for hybrid systems},
  author={Henzinger, Thomas A and Ho, Pei-Hsin and Wong-Toi, Howard},
  booktitle={Computer aided verification},
  pages={460--463},
  year={1997},
  organization={Springer}
}

@book{lynch2007hybrid,
  title={Hybrid Systems: Computation and Control: Third International Workshop, HSCC 2000 Pittsburgh, PA, USA, March 23-25, 2000 Proceedings},
  author={Lynch, Nancy and Krogh, Bruce},
  year={2007},
  publisher={Springer Science \& Business Media}
}

@book{vaandrager1999hybrid,
  title={Hybrid Systems: Computation and Control: Second International Workshop, HSCC'99, Berg en Dal, The Netherlands, March 29-31, 1999 Proceedings},
  author={Vaandrager, Frits W and van Schuppen, Jan H},
  number={1569},
  year={1999},
  publisher={Springer Science \& Business Media}
}

@inproceedings{varricchio2014sampling,
  title={Sampling-based algorithms for optimal motion planning using process algebra specifications},
  author={Varricchio, Valerio and Chaudhari, Pratik and Frazzoli, Emilio},
  booktitle={Robotics and Automation (ICRA), 2014 IEEE International Conference on},
  pages={5326--5332},
  year={2014},
  organization={IEEE}
}

@incollection{csahin2005swarm,
  title={Swarm robotics: From sources of inspiration to domains of application},
  author={{\c{S}}ahin, Erol},
  booktitle={Swarm robotics},
  pages={10--20},
  year={2005},
  publisher={Springer}
}

@inproceedings{posso2011process,
  title={Process-Oriented Subsumption Architectures in Swarm Robotic Systems.},
  author={Posso, Jeremy C and Sampson, Adam T and Simpson, Jonathan and Timmis, Jon},
  booktitle={CPA},
  pages={303--316},
  year={2011}
}

@incollection{welch2005communicating,
  title={Communicating mobile processes},
  author={Welch, Peter H and Barnes, Frederick RM},
  booktitle={Communicating Sequential Processes. The First 25 Years},
  pages={175--210},
  year={2005},
  publisher={Springer}
}

@inproceedings{simpson2008visual,
  title={Visual Process-Oriented Programming for Robotics.},
  author={Simpson, Jonathan and Jacobsen, Christian L},
  booktitle={CPA},
  pages={365--380},
  year={2008}
}

@book{hansen1996linking,
  title={Linking safety analysis to safety requirements: exemplified by railway interlocking systems},
  author={Hansen, Kirsten Mark},
  year={1996},
  publisher={Institut for Informationsteknologi, DTU}
}

@techreport{vesely1981fault,
  title={Fault tree handbook},
  author={Vesely, William E and Goldberg, Francine F and Roberts, Norman H and Haasl, David F},
  year={1981},
  institution={DTIC Document}
}

@inproceedings{lankenau1999formal,
  title={Formal methods in robotics: Fault tree based verification},
  author={Lankenau, Axel and Meyer, Oliver},
  booktitle={In: Proc. of Quality Week},
  year={1999},
  organization={Citeseer}
}

@article{brookes1984theory,
  title={A theory of communicating sequential processes},
  author={Brookes, Stephen D and Hoare, Charles AR and Roscoe, Andrew W},
  journal={Journal of the ACM (JACM)},
  volume={31},
  number={3},
  pages={560--599},
  year={1984},
  publisher={ACM}
}

@article{hoare1978communicating,
  title={Communicating sequential processes},
  author={Hoare, Charles Antony Richard},
  journal={Communications of the ACM},
  volume={21},
  number={8},
  pages={666--677},
  year={1978},
  publisher={ACM}
}

@book{fokkink2013introduction,
  title={Introduction to process algebra},
  author={Fokkink, Wan},
  year={2013},
  publisher={Springer Science \& Business Media}
}

@article{baeten2005brief,
  title={A brief history of process algebra},
  author={Baeten, Jos CM},
  journal={Theoretical Computer Science},
  volume={335},
  number={2},
  pages={131--146},
  year={2005},
  publisher={Elsevier}
}

@article{murata1989petri,
  title={Petri nets: Properties, analysis and applications},
  author={Murata, Tadao},
  journal={Proceedings of the IEEE},
  volume={77},
  number={4},
  pages={541--580},
  year={1989},
  publisher={IEEE}
}

@inproceedings{vasile2014reactive,
  title={Reactive sampling-based temporal logic path planning},
  author={Vasile, Cristian Ioan and Belta, Calin},
  booktitle={Robotics and Automation (ICRA), 2014 IEEE International Conference on},
  pages={4310--4315},
  year={2014},
  organization={IEEE}
}

@inproceedings{raman2014synthesis,
  title={Synthesis for multi-robot controllers with interleaved motion},
  author={Raman, Vasumathi and Kress-Gazit, Hadas},
  booktitle={Robotics and Automation (ICRA), 2014 IEEE International Conference on},
  pages={4316--4321},
  year={2014},
  organization={IEEE}
}

@inproceedings{he2015towards,
  title={Towards manipulation planning with temporal logic specifications},
  author={He, Keliang and Lahijanian, Morteza and Kavraki, Lydia E and Vardi, Moshe Y},
  booktitle={Robotics and Automation (ICRA), 2015 IEEE International Conference on},
  pages={346--352},
  year={2015},
  organization={IEEE}
}

@inproceedings{livingston2013just,
  title={Just-in-time synthesis for reactive motion planning with temporal logic},
  author={Livingston, Scott C and Murray, Richard M},
  booktitle={Robotics and Automation (ICRA), 2013 IEEE International Conference on},
  pages={5048--5053},
  year={2013},
  organization={IEEE}
}

@article{kress2009temporal,
  title={Temporal-logic-based reactive mission and motion planning},
  author={Kress-Gazit, Hadas and Fainekos, Georgios E and Pappas, George J},
  journal={Robotics, IEEE Transactions on},
  volume={25},
  number={6},
  pages={1370--1381},
  year={2009},
  publisher={IEEE}
}

@inproceedings{conner2003composition,
  title={Composition of local potential functions for global robot control and navigation},
  author={Conner, David C and Rizzi, Alfred and Choset, Howie and others},
  booktitle={Intelligent Robots and Systems, 2003.(IROS 2003). Proceedings. 2003 IEEE/RSJ International Conference on},
  volume={4},
  pages={3546--3551},
  year={2003},
  organization={IEEE}
}

@inproceedings{kress2007s,
  title={Where's Waldo? Sensor-based temporal logic motion planning},
  author={Kress-Gazit, Hadas and Fainekos, Georgios E and Pappas, George J},
  booktitle={Robotics and Automation, 2007 IEEE International Conference on},
  pages={3116--3121},
  year={2007},
  organization={IEEE}
}

@inproceedings{fainekos2005temporal,
  title={Temporal logic motion planning for mobile robots},
  author={Fainekos, Georgios E and Kress-Gazit, Hadas and Pappas, George J},
  booktitle={Robotics and Automation, 2005. ICRA 2005. Proceedings of the 2005 IEEE International Conference on},
  pages={2020--2025},
  year={2005},
  organization={IEEE}
}

@inproceedings{belta2004constructing,
  title={Constructing decidable hybrid systems with velocity bounds},
  author={Belta, Calin and Habets, Luc CGJM},
  booktitle={Decision and Control, 2004. CDC. 43rd IEEE Conference on},
  volume={1},
  pages={467--472},
  year={2004},
  organization={IEEE}
}

@book{holzmann2004spin,
  title={The SPIN model checker: Primer and reference manual},
  author={Holzmann, Gerard J},
  year={2003},
  publisher={Addison-Wesley Reading}
}

@inproceedings{cimatti2002nusmv,
  title={Nusmv 2: An opensource tool for symbolic model checking},
  author={Cimatti, Alessandro and Clarke, Edmund and Giunchiglia, Enrico and Giunchiglia, Fausto and Pistore, Marco and Roveri, Marco and Sebastiani, Roberto and Tacchella, Armando},
  booktitle={Computer Aided Verification},
  pages={359--364},
  year={2002},
  organization={Springer}
}

@inproceedings{pnueli1989synthesis,
  title={On the synthesis of a reactive module},
  author={Pnueli, Amir and Rosner, Roni},
  booktitle={Proceedings of the 16th ACM SIGPLAN-SIGACT symposium on Principles of programming languages},
  pages={179--190},
  year={1989},
  organization={ACM}
}

@inproceedings{piterman2006synthesis,
  title={Synthesis of reactive (1) designs},
  author={Piterman, Nir and Pnueli, Amir and Sa’ar, Yaniv},
  booktitle={Verification, Model Checking, and Abstract Interpretation},
  pages={364--380},
  year={2006},
  organization={Springer}
}

@inproceedings{antoniotti1995discrete,
  title={Discrete event models+ temporal logic= supervisory controller: Automatic synthesis of locomotion controllers},
  author={Antoniotti, Marco and Mishra, Bud},
  booktitle={Robotics and Automation, 1995. Proceedings., 1995 IEEE International Conference on},
  volume={2},
  pages={1441--1446},
  year={1995},
  organization={IEEE}
}

@misc{proetzsch2007i2bc,
  author = {Proetzsch, Martin and Luksch, Tobias and Berns, Karsten},
  booktitle = {30th Annual German Conference on Artificial Intelligence (KI)},
  isbn = {9783540745648},
  issn = {03029743},
  keywords = {architecture de-,behaviour-based control,system analysis},
  title = {{The Behaviour-Based Control Architecture iB2C for Complex Robotic Systems}},
  year = {2007}
}

@article{lyons2015performance,
  author = {Lyons, D and Arkin, R and Jiang, S and Nirmal, P and Deeb, J},
  doi = {10.1109/TRO.2015.2418592},
  issn = {15523098},
  journal = {IEEE Transactions on Robotics},
  number = {3},
  pages = {619 -- 636},
  title = {{Performance Verification for Behavior-based Robot Missions}},
  volume = {31},
  year = {2015}
}

@article{plunnecke1991bibliography,
  title={Bibliography of Petri nets 1990},
  author={Pl{\"u}nnecke, Helmut and Reisig, Wolfgang},
  year={1991},
  journal = {Advances on I’rtri Net.s 1991, Lecture Notes in Cornputer Science},
  volume = {524}, 
  pages = {312--572},
  publisher={Springer},
}

@inproceedings{mitsch2014modelplex,
  author = {Mitsch, Stefan and Platzer, Andre},
  booktitle = {Runtime Verification},
  isbn = {8750122029},
  pages = {199--214},
  title = {{ModelPlex: Verified Runtime Validation of Verified Cyber-Physical System Models}},
  year = {2014}
}

@article{taubig2012verification,
  author = {T\"{a}ubig, Holger and Frese, Udo and Hertzberg, Christoph and L\"{u}th, Christoph and Mohr, Stefan and Vorobev, Elena and Walter, Dennis},
  doi = {10.1007/s10514-011-9271-y},
  issn = {09295593},
  journal = {Autonomous Robots},
  keywords = {Braking model,Certification,Collision detection,Formal verification,Functional safety,IEC 61508,Mathematical proof},
  number = {3},
  pages = {303--331},
  title = {{Guaranteeing functional safety: Design for provability and computer-aided verification}},
  volume = {32},
  year = {2012}
}

@inproceedings{kiekbusch2014behaviour,
  author = {Kiekbusch, Lisa and Armbrust, Christopher and Berns, Karsten},
  booktitle = {Proceedings of the 13th International Conference on Intelligent Autonomous Systems (IAS-13)},
  keywords = {behaviour,behaviour network,behaviour network verification,behaviour-based system,modelling},
  title = {{Formal Verification of Behaviour Networks Including Hardware Failures}},
  year = {2014}
}

@article{brooks1986layered,
  author = {Brooks, R.},
  doi = {10.1109/JRA.1986.1087032},
  isbn = {0882-4967 VO - 2},
  issn = {0882-4967},
  journal = {IEEE Journal on Robotics and Automation},
  number = {1},
  pages = {14--23},
  pmid = {1805},
  title = {{A robust layered control system for a mobile robot}},
  volume = {2},
  year = {1986}
}

@article{kulchenko2011helicopter,
  author = {Кульченко, А.Е.},
  journal = {Электронный научный журнал Инженерный вестник Дона},
  pages = {94--98},
   title = {{Структурно-Алгоритмическая Организация Автопилота Робота-Вертолета}},
  volume = {1},
  year = {2011}
}

@article{aguiar2010petri,
  author = {Aguiar, Adriano Jose Cunha and Villani, Emilia},
  journal = {ABCM Symposium Series in Mechatronics},
  keywords = {aircraft industry,collaborative robotic,graphic simulation,keyword petri nets,robots,validation},
  pages = {364--373},
  title = {{Petri Nets and Graphic Simulation for the Validation of Collaborative Robotic Cells in Aircraft Industry}},
  volume = {4},
  year = {2010}
}

@inproceedings{kotb2007multiagent,
  author = {Kotb, Y T and Beauchemin, S S and Barron, J L},
  booktitle = {Computer and Robot Vision, 2007. CRV'07. Fourth Canadian Conference on},
  pages = {123----130},
  title = {{Petri Net-Based Cooperation In Multi-Agent Systems}},
  year = {2007}
}

@incollection{costelha2010petri,
  author = {Costelha, Hugo and Lima, Pedro},
  booktitle = {Autonomous Agents},
  isbn = {978-953-307-089-6},
  pages = {65--91},
  title = {{Petri net robotic task plan representation: Modelling, analysis and execution}},
  year = {2010}
}

@article{costelha2003petri,
  author = {Costelha, Hugo and Lima, Pedro},
  keywords = {Analysis.,DEDS,Modeling,Robotic Tasks},
  title = {{Robotic Tasks Modeling and Analysis Based on Petri Nets}},
  year = {2003}
}

@inproceedings{palamara2008soccer,
  author = {Palamara, F and Ziparo, V a and Iocchi, L and Nardi, D and Lima, P and Costelha, H},
  booktitle = {Proceedings of the 7th international joint conference on Autonomous agents and multiagent systems: demo papers},
  keywords = {distributed execution,multi-robot plans,petri nets},
  pages = {1711--1712},
  title = {{A Robotic Soccer Passing Task Using Petri Net Plans (Demo Paper)}},
  year = {2008}
}

@inproceedings{chang2013learning,
  author = {Chang, Guoting Jane and Kuli\'{c}, Dana},
  booktitle = {2013 IEEE RO-MAN: The 22nd IEEE International Symposium on Robot and Human Interactive Communication Gyeongju, Korea},
  doi = {10.1109/ROMAN.2013.6628527},
  isbn = {9781479905096},
  pages = {31--36},
  title = {{Robot Task Learning from Demonstration Using Petri Nets}},
  year = {2013}
}

@inproceedings{kashima2001mobile,
  author = {Kashima, Hideharu and Masuda, Ryosuke},
  booktitle = {The 10th international conference on advanced robotics (ICAR’2001)},
  pages = {399--404},
  title = {{Cooperative Control of Mobile Roots Based on Petri Net}},
  year = {2001}
}

@article{konukh2009imitation,
  author = {Конюх, В.Л.},
  journal = {«Имитационное моделирование. Теория и практика» ИММОД-2009, пленарный доклад},
  pages = {27--37},
  title = {{Опыт применения сетей Петри для имитации поведения систем}},
  year = {2009}
}

@article{martynov2014petri,
  author = {Мартынов, Виктор Геннадьевич and Масягин, Василий Борисович},
  issn = {1813-8225},
  journal = {Омский научный вестник},
  number = {1 (127)},
  pages = {134--137},
  publisher = {Государственное образовательное учреждение высшего профессионального образования "Омский государственный технический университет"},
  title = {{Применение сетей Петри при моделировании управления технологическими процессами сборочного производства}},
  year = {2014}
}

@article{yen2006petri,
  author = {Yen, Hsu Chun},
  doi = {10.1007/978-3-540-33461-3\_14},
  isbn = {3540334602},
  issn = {1860949X},
  journal = {Studies in Computational Intelligence},
  pages = {343--373},
  title = {{Introduction to Petri net theory}},
  volume = {25},
  year = {2006}
}

@article{zurawski1994petri,
  author = {Zurawski, Richard and Zhou, MengChu},
  doi = {10.1109/41.334574},
  isbn = {0278-0046 VO  - 41},
  issn = {02780046},
  journal = {IEEE Transactions on Industrial Electronics},
  number = {6},
  pages = {567--583},
  title = {{Petri nets and industrial applications: A tutorial}},
  volume = {41},
  year = {1994},
}

@article{rubtsov2015problems,
  title={Проблемы и перспективы развития мобильной робототехники военного назначения},
  author={И.В. Рубцов and А.А. Бошляков and В.С. Лапшов and К.Ю. Машков and В.П. Носков},
  journal={Инженерный журнал: наука и инновации},
  volume={41},
  number={5},
  year={2015},
}

@article{miheev2014model,
  title={Реализация модельно-ориентированного подхода при проектировании системы сбора данных},
  author={М.Ю. Михеев and К.В. Гудков and Е.А. Гудкова},
  journal={Современные проблемы науки и образования},
  number={5},
  year={2014},
  pages={64--69},
}

@article{paraskevov2014modern,
  title={Современная робототехника в России: реалии и перспективы (обзор)},
  author={А.В. Левченко and А.В. Параскевов},
  journal={Политематический сетевой электронный научный журнал Кубанского государственного аграрного университета},
  number={104},
  year={2014},
  publisher={Федеральное государственное образовательное учреждение высшего профессионального образования Кубанский государственный аграрный университет},
}

@article{lyons2013software,
  title={A Software Tool for the Design of Critical Robot Missions with Performance Guarantees},
  author={Lyons, Damian M and Arkin, Ronald C and Nirmal, Paramesh and Jiang, Shu and Liu, T-M},
  journal={Procedia Computer Science},
  volume={16},
  pages={888--897},
  year={2013},
  publisher={Elsevier},
}

@inproceedings{huang2014rosrv,
  author = {Huang, Jeff and Erdogan, Cansu and Zhang, Yi and Moore, Brandon and Luo, Qingzhou and Sundaresan, Aravind and Rosu, Grigore},
  booktitle = {Runtime Verification},
  pages = {247--254},
  title = {{ROSRV: Runtime Verification for Robots}},
  year = {2014}
}

@inproceedings{fu2014reconfigurable,
  author = {Fu, Yujian and Drabo, Mebougna},
  booktitle = {Proceedings of the International Conference on Embedded Systems and Applications (ESA)},
  keywords = {humanoid robotics,predicate tran-,reconfiguration},
  title = {Formal Modeling and Verification of Dynamic Reconfiguration of Autonomous Robotics Systems},
  year = {2014},
}

@article{simon2010pytri,
  author = {Simon, Jochen and Moldt, Daniel},
  journal = {Algorithmen und Werkzeuge f\{$\backslash$"u\}r Petrinetze},
  pages = {106----111},
  title = {{PyTri, a Visual Agent Programming Language}},
  volume = {643},
  year = {2010}
}

@article{gorbenko2012reconfigurable,
  author = {Gorbenko, A. A. and Popov, V. Yu.},
  doi = {10.1134/S0361768812010033},
  issn = {0361-7688},
  journal = {Programming and Computer Software},
  number = {1},
  pages = {13--23},
  title = {{Programming for modular reconfigurable robots}},
  volume = {38},
  year = {2012}
}

@article{makarov2004remote,
  author = {Макаров, И.М. and Лохин, В.М. and Манько, С.В. and Романов, М.П.},
  journal = {Образовательные технологии и общество},
  number = {3},
  pages = {196----209},
  title = {{Система дистанционного обучения по робототехнике и мехатронике на базе современных информационных технологий}},
  volume = {7},
  year = {2004}
}
