@book{papert1980mindstorms,
 author = {Papert, Seymour},
 title = {Mindstorms: Children, Computers, and Powerful Ideas},
 year = {1980},
 isbn = {0-465-04627-4},
 publisher = {Basic Books, Inc.},
 address = {New York, NY, USA},
 pages = {230},
} 

@article{litvinov2013robots,
	title={Реализация визуальных средств программирования роботов для изучения информатики в школах},
	author={Ю.В. Литвинов},
	journal={Компьютерные инструменты в образовании},
	number={1},
	address={СПб.},
	year={2013},
	pages={36--45},
	language={russian},
}

@inproceedings{litvinov2012robots,
  title={Визуальные средства программирования роботов и их использование в школах},
  author={Ю.В. Литвинов},
  booktitle={Современные информационные технологии и ИТ-образование, сборник избранных трудов VII Международной научно - практической конференции},
  address={М.},
  publisher={ИНТУИТ.РУ},
  year={2012},
  pages={858--868},
  language={russian},
}
