@inproceedings{tolvanen2016challenges,
  author = {Tolvanen, Juha-pekka and Kelly, Steven},
  booktitle = {Modelsward 2016},
  isbn = {9789897581687},
  pages = {711--719},
  title = {{Model-Driven Development Challenges and Solutions}},
  year = {2016},
  language = {english},
}

@incollection{baker2005model,
  title={Model-driven engineering in a large industrial context — Motorola case study},
  author={Baker, P. and Loh, S. and Weil, F.},
  booktitle={MoDELS'05: Proceedings of the 8th international conference on Model Driven Engineering Languages and Systems},
  pages={476--491},
  year={2005},
  publisher={Springer},
  address={Berlin},
  language = {english},
}

@inproceedings{kieburtz1996software,
  title={A software engineering experiment in software component generation},
  author={Kieburtz, R. and McKinney, L. and Bell, J. and Hook, J. and Kotov, A. and Lewis, J. and Oliva, D. and Sheard, T. and Smith, I. and Walton, L.},
  booktitle={Proceedings of the 18th international conference on Software engineering},
  pages={542--552},
  year={1996},
  publisher={IEEE Computer Society},
  isbn={0-8186-7246-3},
  address={Washington, DC, USA},
  language = {english},
}

@inproceedings{kelly2000visual,
  title = {Visual domain-specific modeling: Benefits and experiences of using metaCASE tools},
  author = {Kelly, S. and Tolvanen, J.-P.},
  booktitle = {International Workshop on Model Engineering, at ECOOP},
  year = {2000},
  medium = {electronic resource},
  url = {http://dsmforum.org/papers/Visual\_domain-specific\_modelling.pdf},
  urldate = {2015-10-25},
  language = {english},
}

@inproceedings{koznov2011process,
  title = {Process Model of DSM Solution Development and Evolution for Small and Medium-Sized Software Companies},
  author = {Koznov, Dmitrij},
  booktitle = {Enterprise Distributed Object Computing Conference Workshops (EDOCW), 2011 15th IEEE International},
  pages = {85--92},
  year = {2011},
  organization = {IEEE},
  language = {english}, 
}

@inproceedings{tolvanen2007advanced,
  title = {Advanced tooling for domain-specific modeling: MetaEdit+},
  author = {Tolvanen, J.-P. and Pohjonen, R. and Kelly, S.},
  booktitle = {Proceedings of the 7th OOPSLA Workshop on Domain-Specific Modeling (DSM’07)},
  year = {2007},
  url = {http://www.dsmforum.org/events/DSM07/papers/tolvanen.pdf},
  urldate = {2015-10-24},
  medium = {electronic resource},
  language = {english}, 
}

@inproceedings{tolvanen2009metaedit,
  title = {MetaEdit+: defining and using integrated domain-specific modeling languages},
  author = {Tolvanen, J.-P.and Kelly, S.},
  booktitle = {Proceedings of the 24th ACM SIGPLAN conference companion on Object oriented programming systems languages and applications},
  pages = {819--820},
  year = {2009},
  organization = {ACM},
  publisher = {ACM},
  address = {New York, NY, USA},
  language = {english}, 
}

@book{kelly2008domain,
  title = {Domain-specific modeling: enabling full code generation},
  author = {Kelly, S. and Tolvanen, J.-P.},
  year = {2008},
  publisher = {Wiley-IEEE Computer Society Press},
  isbn = {978-0-470-03666-2},
  pages = {444},
  address = {Hoboken, New Jersey, USA},
  language = {english}, 
}

@book{gronback2009eclipse,
  title = {Eclipse Modeling Project: A Domain-Specific Language (DSL) Toolkit},
  author = {Gronback, R.},
  year = {2009},
  publisher = {Addison-Wesley},
  address = {Stoughton, Massachusetts, USA},
  pages = {736},
  isbn = {978-0-321-53407-1},
  language = {english}, 
}

@inproceedings{viyovic2014sirius,
  address = {Los Alamitos, CA, USA},
  author = {Viyovic, Vladimir and Maksimovic, Mirjam and Perisic, Branko},
  booktitle = {IEEE 18th International Conference on Intelligent Engineering Systems INES 2014},
  doi = {10.1109/INES.2014.6909375},
  isbn = {978-1-4799-4615-0},
  pages = {233--238},
  publisher = {IEEE Computer Society},
  title = {{Sirius: A rapid development of DSM graphical editor}},
  year = {2014},
  language = {english}, 
}

@book{cook2007domain,
  title = {Domain-specific development with Visual Studio DSL Tools},
  author = {Cook, S. and Jones, G. and Kent, S. and Wills, A.C.},
  year = {2007},
  pages = {576},
  publisher = {Addison-Wesley},
  address = {Crawfordsville, Indiana, USA},
  isbn = {978-0-321-39820-8},
  language = {english}, 
}

@inproceedings{kuzenkova2013qreal,
  title = {QReal DSM platform-An Environment for Creation of Specific Visual IDEs},
  author = {Kuzenkova, Anastasiia and Deripaska, Anna and Bryksin, Timofey and Litvinov, Yurii and Polyakov, Vladimir},
  booktitle = {ENASE 2013 --- Proceedings of the 8th International Conference on Evaluation of Novel Approaches to Software Engineering},
  pages = {205--211},
  year = {2013},
  publisher = {SciTePress},
  address = {Setubal, Portugal},
  isbn = {978-989-8565-62-4},
  language = {english}, 
}
