@inproceedings{heijstek2009empirical,
  title={Empirical investigations of model size, complexity and effort in a large scale, distributed model driven development process},
  author={Heijstek, Werner and Chaudron, Michel RV},
  booktitle={Software Engineering and Advanced Applications, 2009. SEAA'09. 35th Euromicro Conference on},
  pages={113--120},
  year={2009},
  organization={IEEE}
}

@article{selic2003pragmatics,
  title={The pragmatics of model-driven development},
  author={Selic, Bran},
  journal={Software, IEEE},
  volume={20},
  number={5},
  pages={19--25},
  year={2003},
  publisher={IEEE}
}

@article{mohagheghi2013empirical,
  title={An empirical study of the state of the practice and acceptance of model-driven engineering in four industrial cases},
  author={Mohagheghi, Parastoo and Gilani, Wasif and Stefanescu, Alin and Fernandez, Miguel A},
  journal={Empirical Software Engineering},
  volume={18},
  number={1},
  pages={89--116},
  year={2013},
  publisher={Springer}
}

@book{koznov2008osnovy,
	title={Основы визуального моделирования},
	author={Д. В. Кознов},
	year={2008},
	publisher={Бином. Лаборатория знаний},
	location={М.},
	isbn={978-5-94774-823-9},
	pagestotal={246},
}

@article{chen2012methodology,
  title={The Methodology-fit of UML: An Empirical Study of UML Adaptation},
  author={Chen, Minder},
  journal={COMMUNICATIONS OF THE ICISA},
  pages={1},
  year={2012}
}

@book{kelly2008domain,
  title={Domain-specific modeling: enabling full code generation},
  author={Kelly, Steven and Tolvanen, Juha-Pekka},
  year={2008},
  publisher={Wiley-IEEE Computer Society Press}
}

@incollection{baker2005model,
  title={Model-driven engineering in a large industrial context—Motorola case study},
  author={Baker, Paul and Loh, Shiou and Weil, Frank},
  booktitle={Model Driven Engineering Languages and Systems},
  pages={476--491},
  year={2005},
  publisher={Springer}
}

@inproceedings{kieburtz1996software,
  title={A software engineering experiment in software component generation},
  author={Kieburtz, Richard B and McKinney, Laura and Bell, Jeffrey M and Hook, James and Kotov, Alex and Lewis, Jeffrey and Oliva, Dino P and Sheard, Tim and Smith, Ira and Walton, Lisa},
  booktitle={Proceedings of the 18th international conference on Software engineering},
  pages={542--552},
  year={1996},
  organization={IEEE Computer Society}
}

@inproceedings{kelly2000visual,
  title={Visual domain-specific modeling: Benefits and experiences of using metaCASE tools},
  author={Kelly, Steven and Tolvanen, Juha-Pekka},
  booktitle={International Workshop on Model Engineering, at ECOOP},
  year={2000}
}

@article{van2000domain,
  title={Domain-specific languages: an annotated bibliography},
  author={Van Deursen, Arie and Klint, Paul and Visser, Joost},
  journal={ACM Sigplan Notices},
  volume={35},
  number={6},
  pages={26--36},
  year={2000}
}

@article{ivanov2005realit,
  title={Технологическое решение REAL-IT: автоматизированная разработка пользовательского интерфейса информационных систем},
  author={А. Н. Иванов and С.С. Стригун},
  journal={Системное программирование},
  volume={1},
  year={2005},
  publisher={Издательство Санкт-Петербургского государственного университета}
}

@article{parfenov1997rtst,
  title={RTST-технология программирования встроенных систем реального времени},
  author={Парфенов, ВВ and Терехов, АН},
  journal={Системная информатика},
  number={5},
  pages={228--256},
  year={1997}
}

@article{terekhov1998rtst,
  title={RTST-технология программирования встроенных систем реального времени},
  author={Терехов, АН and Терком, ГП},
  journal={Записки семинара кафедры системного программирования" CASE-средства RTST},
  number={1},
  pages={3--17},
  year={1998}
}

@article{ivanov1998object,
  title={Объектно-ориентированное расширение технологии RTST},
  author={Иванов, А and Кознов, Дм and Лебедев, А and Мурашова, Т and Парфенов, В and Терехов, А},
  journal={Записки семинара кафедры системного программирования, CASE-средства RTST++. Изд-во СПбГУ},
  pages={17--36},
  number={1},
  year={1998}
}

@article{ivanov1998behavioral,
  title={Поведенческая модель RTST++},
  author={Иванов, А and Кознов Дм. and Мурашева Т.},
  journal={Записки семинара кафедры системного программирования “CASE-средства RTST++”},
  number={1},
  pages={37--49}
}

@article{atkinson2003model,
  title={Model-driven development: a metamodeling foundation},
  author={Atkinson, Colin and Kuhne, Thomas},
  journal={Software, IEEE},
  volume={20},
  number={5},
  pages={36--41},
  year={2003},
  publisher={IEEE}
}

@inproceedings{gray2003examination,
  title={An examination of DSLs for concisely representing model traversals and transformations},
  author={Gray, Jeff and Karsai, G{\'a}bor},
  booktitle={System Sciences, 2003. Proceedings of the 36th Annual Hawaii International Conference on},
  pages={10--pp},
  year={2003},
  organization={IEEE}
}

@inproceedings{koznov2011process,
  title={Process Model of DSM Solution Development and Evolution for Small and Medium-Sized Software Companies},
  author={Koznov, Dmitrij},
  booktitle={Enterprise Distributed Object Computing Conference Workshops (EDOCW), 2011 15th IEEE International},
  pages={85--92},
  year={2011},
  organization={IEEE}
}

@article{mernik2005and,
  title={When and how to develop domain-specific languages},
  author={Mernik, Marjan and Heering, Jan and Sloane, Anthony M},
  journal={ACM computing surveys (CSUR)},
  volume={37},
  number={4},
  pages={316--344},
  year={2005},
  publisher={ACM}
}

@article{repenning1995agentsheets,
  title={Agentsheets: A medium for creating domain-oriented visual languages},
  author={Repenning, Alexander and Sumner, Tamara},
  journal={Computer},
  volume={28},
  number={3},
  pages={17--25},
  year={1995},
  publisher={IEEE}
}

@article{voelter2009best,
  title={Best practices for DSLs and model-driven development},
  author={Voelter, Markus},
  journal={Journal of Object Technology},
  volume={8},
  number={6},
  pages={79--102},
  year={2009}
}

@inproceedings{luoma2004defining,
  title={Defining domain-specific modeling languages: Collected experiences},
  author={Luoma, Janne and Kelly, Steven and Tolvanen, Juha-Pekka},
  booktitle={4 th Workshop on Domain-Specific Modeling},
  year={2004}
}

@article{kuhne2006matters,
  title={Matters of (meta-) modeling},
  author={K{\"u}hne, Thomas},
  journal={Software \& Systems Modeling},
  volume={5},
  number={4},
  pages={369--385},
  year={2006},
  publisher={Springer}
}

@inproceedings{ledeczi2001generic,
  title={The generic modeling environment},
  author={Ledeczi, Akos and Maroti, Miklos and Bakay, Arpad and Karsai, Gabor and Garrett, Jason and Thomason, Charles and Nordstrom, Greg and Sprinkle, Jonathan and Volgyesi, Peter},
  booktitle={Workshop on Intelligent Signal Processing, Budapest, Hungary},
  volume={17},
  year={2001}
}

@incollection{ferguson2000metabuilder,
  title={MetaBuilder: the diagrammer’s diagrammer},
  author={Ferguson, Robert Ian and Hunter, Andrew and Hardy, Colin},
  booktitle={Theory and Application of Diagrams},
  pages={407--421},
  year={2000},
  publisher={Springer}
}

@article{koznov2008development,
  title={Разработка и сопровождение DSM-решений на основе MSF},
  author={Кознов, Дмитрий Владимирович},
  journal={Системное программирование},
  volume={3},
  number={1},
  pages={80--96},
  year={2008},
  publisher={Издательство Санкт-Петербургского государственного университета}
}

@article{teichroew1977psl,
  title={PSL/PSA: A computer-aided technique for structured documentation and analysis of information processing systems},
  author={Teichroew, Daniel and Hershey III, Ernest A},
  journal={Software Engineering, IEEE Transactions on},
  number={1},
  pages={41--48},
  year={1977},
  publisher={IEEE}
}

@manual{omg2011infrastructure,
	title={Unified Modeling Language (OMG UML), Infrastructure, V2.4.1},
	organization={OMG},
	year={2011},
	url={http://www.omg.org/spec/UML/2.4.1/Infrastructure/PDF},
	urldate={2013-05-12},
}

@manual{omg2011superstructure,
	title={Unified Modeling Language (OMG UML), Superstructure, V2.4.1},
	organization={OMG},
	year={2011},
	url={http://www.omg.org/spec/UML/2.4.1/Superstructure/PDF},
	urldate={2013-05-12},
}

@book{swithinbank2005patterns,
  title={Patterns: Model-Driven Development Using IBM Rational Software Architect},
  author={Swithinbank, Peter and Chessell, Mandy and Gardner, Tracy and Griffin, Catherine and Man, Jessica and Wylie, Helen and Yusuf, Larry},
  year={2005},
  publisher={IBM, International Technical Support Organization}
}

@inproceedings{tolvanen2007advanced,
  title={Advanced tooling for domain-specific modeling: MetaEdit+},
  author={Tolvanen, Juha-Pekka and Pohjonen, Risto and Kelly, Steven},
  booktitle={Sprinkle, J., Gray, J., Rossi, M., Tolvanen, JP (eds.) The 7th OOPSLA Workshop on Domain-Specific Modeling, Finland},
  year={2007}
}

@inproceedings{tolvanen2009metaedit,
  title={MetaEdit+: defining and using integrated domain-specific modeling languages},
  author={Tolvanen, Juha-Pekka and Kelly, Steven},
  booktitle={Proceedings of the 24th ACM SIGPLAN conference companion on Object oriented programming systems languages and applications},
  pages={819--820},
  year={2009},
  organization={ACM}
}

@article{sorokin2010obzor,
  title={Обзор Eclipse Modeling Project},
  author={Сорокин, A.В. and Кознов, Д.В.},
  journal={Ред. коллегия: А.Н. Терехов, Д.Ю. Булычев, Д.В. Кознов, А.Н. Иванов Отв. редактор: Д.В. Кознов},
  pages={6},
  year={2010}
}

@book{gronback2009eclipse,
  title={Eclipse Modeling Project: A Domain-Specific Language (DSL) Toolkit},
  author={Gronback, Richard C},
  year={2009},
  publisher={Addison-Wesley Professional}
}

@inproceedings{vangheluwe2004domain,
  title={$\{$Domain-Specific Visual Modelling in AToM\textsuperscript{3}$\}$},
  author={Vangheluwe, Hans and de Lara, Juan},
  booktitle={Proceedings of the 4th oopsla workshop on domain-specific modeling. Vancouver, Canada: University of Jyv{\"a}skyl{\"a}},
  year={2004}
}

@article{zhu2007pounamu,
  title={Pounamu: A meta-tool for exploratory domain-specific visual language tool development},
  author={Zhu, Nianping and Grundy, John and Hosking, John and Liu, Na and Cao, Shuping and Mehra, Akhil},
  journal={Journal of Systems and Software},
  volume={80},
  number={8},
  pages={1390--1407},
  year={2007},
  publisher={Elsevier}
}

@inproceedings{petre2013uml,
  title={UML in practice},
  author={Petre, Marian},
  booktitle={Proceedings of the 2013 International Conference on Software Engineering},
  pages={722--731},
  year={2013},
  organization={IEEE Press}
}
