@online{kieler,
  author = {{Kiel University}},
  title = {KIELER Project home page},
  url = {http://www.rtsys.informatik.uni-kiel.de/en/research/kieler/},
  urldate = {2015-12-01},
  language = {english},
}

@online{awk,
  author = {{The IEEE and The Open Group}},
  title = {AWK Specification},
  url = {http://pubs.opengroup.org/onlinepubs/9699919799/utilities/awk.html},
  urldate = {2015-12-01},
  language = {english},
}

@online{emp,
  author = {{The Eclipse Foundation}},
  title = {Eclipse Modeling Project home page},
  url = {http://www.eclipse.org/modeling/},
  urldate = {2015-12-01},
  language = {english},
}

@online{metaEdit,
  author = {{MetaCase}},
  title = {MetaEdit+ home page},
  url = {http://www.metacase.com/products.html},
  urldate = {2015-12-01},
  language = {english},
}

@online{qrealGithub,
  author = {{Исследовательская группа QReal}},
  title = {Страница проекта и репозиторий с исходным кодом на GitHub},
  url = {https://github.com/qreal/qreal},
  urldate = {2015-12-01},
  language = {russian},
}

@online{mindstorms,
  author = {{the LEGO Group}},
  title = {Lego Mindstorms home page},
  url = {http://mindstorms.lego.com/},
  urldate = {2015-12-01},
  language = {english},
}

@online{myRobot,
  author = {{myrobot.ru}},
  title = {Язык программирования Лого},
  url = {http://myrobot.ru/logo/aboutlogo.php},
  urldate = {2015-12-01},
  language = {russian},
}

@online{nxtG,
  author = {{The LEGO Group}},
  title = {Среда программирования NXT-G},
  url = {http://www.lego.com/ru-ru/mindstorms/learn-to-program},
  urldate = {2015-12-01},
  language = {russian},
}

@online{labview,
  author = {{National Instruments Corporation}},
  title = {LabView home page},
  url = {http://www.ni.com/labview/},
  urldate = {2015-12-01},
  language = {english},
}

@online{robolabForLabview,
  author = {{LEGOengineering}},
  title = {Robolab For LabView download page},
  url = {http://www.legoengineering.com/robolab-for-labview/},
  urldate = {2015-12-01},
  language = {english},
}

@online{robolabOnline,
  author = {{The LEGO Group}},
  title = {ROBOLAB-online home page},
  url = {http://www.robolabonline.com/home},
  urldate = {2015-12-01},
  language = {english},
}

@online{mrds,
  author = {{Microsoft Corporation}},
  title = {Robotics Developer Studio home page},
  url = {https://msdn.microsoft.com/en-us/library/bb648760.aspx},
  urldate = {2015-12-01},
  language = {english},
}

@online{vpl,
  author = {{Microsoft Corporation}},
  title = {VPL introduction},
  url = {https://msdn.microsoft.com/en-us/library/bb483088.aspx},
  urldate = {2015-12-01},
  language = {english},
}

@online{nxtWayGs,
  author = {T. Chikamasa},
  title = {NXTway-GS home page},
  url = {http://lejos-osek.sourceforge.net/nxtway\_gs.htm},
  urldate = {2015-12-01},
  language = {english},
}

@online{fantom,
  author = {{The LEGO Group}},
  title = {Lego Mindstorms downloads page},
  url = {http://www.lego.com/ru-ru/mindstorms/downloads},
  urldate = {2015-12-01},
  language = {english},
}

@online{qextSerialPort,
  author = {D. Zhang and others},
  title = {QextSerialPort page on GitHub},
  url = {https://code.google.com/p/qextserialport/},
  urldate = {2015-12-01},
  language = {english},
}

@online{nxtOsek,
  author = {T. Chikamasa},
  title = {nxtOSEK/JSP home page},
  url = {http://lejos-osek.sourceforge.net/},
  urldate = {2015-12-01},
  language = {english},
}

@online{visualStudio,
  author = {{Microsoft Corporation}},
  title = {Visual Studio home page},
  url = {http://www.visualstudio.com/},
  urldate = {2015-12-01},
  language = {english},
}


@online{verilog,
  author = {{Verilog.com}},
  title = {Verilog home page},
  url = {http://www.verilog.com/},
  urldate = {2015-12-01},
  language = {english},
}

@online{vhdl,
  author = {{VHDL Analysis and Standardization Group (VASG)}},
  title = {VASG home page},
  url = {http://www.eda.org/twiki/bin/view.cgi/P1076/WebHome},
  urldate = {2015-12-01},
  language = {english},
}

@online{trik,
  author = {{ООО <<КИБЕРТЕХ>>}},
  title = {Домашняя страница робототехнического конструктора ТРИК},
  url = {http://trikset.com},
  urldate = {2015-12-01},
  language = {russian},
}

@online{omg,
  author = {{Object Management Group Inc.}},
  title = {OMG home page},
  url = {http://www.omg.org/},
  urldate = {2015-12-01},
  language = {english},
}

@online{xmi,
  author = {{Object Management Group Inc.}},
  title = {XMI specification download page},
  url = {http://www.omg.org/spec/XMI/},
  urldate = {2015-12-01},
  language = {english},
}

@online{antlr,
  author = {T. Parr},
  title = {ANother Tool for Language Recognition (ANTLR) home page},
  url = {http://www.antlr.org/},
  urldate = {2015-12-01},
  language = {english},
}

@online{simulink,
  author = {{The MathWorks, Inc.}},
  title = {Simulink home page},
  url = {http://www.mathworks.com/products/simulink/index.html},
  urldate = {2015-12-01},
  language = {english},
}

@online{sysml,
  author = {{Object Management Group, Inc.}},
  title = {SysML home page},
  url = {http://www.omgsysml.org/},
  urldate = {2015-12-01},
  language = {english},
}

@online{cwm,
  author = {{Object Management Group, Inc.}},
  title = {CWM specification download page},
  url = {http://www.omg.org/spec/CWM/},
  urldate = {2015-12-01},
  language = {english},
}

@online{mof,
  author = {{Object Management Group, Inc.}},
  title = {Meta Object Facility home page},
  url = {http://www.omg.org/mof/},
  urldate = {2015-12-01},
  language = {english},
}

@online{eclipse,
  author = {{The Eclipse Foundation}},
  title = {Eclipse home page},
  url = {https://www.eclipse.org/},
  urldate = {2015-12-01},
  language = {english},
}

@online{together,
  author = {{Micro Focus}},
  title = {Borland Together home page},
  url = {http://www.borland.com/products/together/},
  urldate = {2015-12-01},
  language = {english},
}

@online{rsa,
  author = {{IBM Corporation}},
  title = {Rational Software Architect home page},
  url = {http://www-03.ibm.com/software/products/us/en/ratisoftarch},
  urldate = {2015-12-01},
  language = {english},
}

@online{obeoDesigner,
  author = {{Obeo}},
  title = {Obeo Designer home page},
  url = {http://www.obeodesigner.com/},
  urldate = {2015-12-01},
  language = {english},
}

@online{graphiti,
  author = {{The Eclipse Foundation}},
  title = {Graphiti home page},
  url = {http://www.eclipse.org/graphiti/},
  urldate = {2015-12-01},
  language = {english},
}

@online{spray,
  author = {{M. Boger and others}},
  title = {Spray home page},
  url = {https://code.google.com/a/eclipselabs.org/p/spray/},
  urldate = {2015-12-01},
  language = {english},
}

@online{xpand,
  author = {{The Eclipse Foundation}},
  title = {Xpand page on Eclipse wiki},
  url = {http://wiki.eclipse.org/Xpand},
  urldate = {2015-12-01},
  language = {english},
}

@online{amalgam,
  author = {{The Eclipse Foundation}},
  title = {Modeling Amalgamation Project home page},
  url = {http://www.eclipse.org/modeling/amalgam/},
  urldate = {2015-12-01},
  language = {english},
}

@online{gme,
  author = {{ISIS, Vanderbilt University}},
  title = {GME home page},
  url = {http://www.isis.vanderbilt.edu/Projects/gme/},
  urldate = {2015-12-01},
  language = {english},
}

@online{milan,
  author = {{ISIS, Vanderbilt University}},
  title = {MILAN home page},
  url = {http://w3.isis.vanderbilt.edu/projects/milan/},
  urldate = {2015-12-01},
  language = {english},
}

@online{csaw,
  author = {{UAB}},
  title = {C-SAW home page},
  url = {http://www.gray-area.org/Research/C-SAW/},
  urldate = {2015-12-01},
  language = {english},
}

@online{great,
  author = {{ISIS, Vanderbilt University}},
  title = {GReAT home page},
  url = {http://www.isis.vanderbilt.edu/tools/GReAT},
  urldate = {2015-12-01},
  language = {english},
}

@online{atom3,
  author = {{MSDL, McGill University}},
  title = {AToM\textsuperscript{3} home page},
  url = {http://atom3.cs.mcgill.ca/},
  urldate = {2015-12-01},
  language = {english},
}

@online{aspNet,
  author = {{Microsoft}},
  title = {ASP.NET home page},
  url = {http://www.asp.net/},
  urldate = {2015-12-02},
  language = {english},
}

@online{scheme,
  author = {M. Sperber and others},
  title = {The Revised\textsuperscript{6} Report on the Algorithmic Language Scheme},
  url = {http://www.r6rs.org/},
  urldate = {2015-12-02},
  language = {english},
}

@online{svg,
  author = {{W3C}},
  title = {SVG home page on W3C site},
  url = {http://www.w3.org/Graphics/SVG/},
  urldate = {2015-12-02},
  language = {english},
}

@online{graphViz,
  title = {GraphViz home page},
  url = {http://www.graphviz.org/},
  urldate = {2015-12-02},
  language = {english},
}



























