@article{deripaska2013constraints,
	title={Языки задания ограничений},
	author={Дерипаска, Анна Олеговна},
	journal={Компьютерные инструменты в образовании},
	year={2013},
	volume={1},
	location={СПб.},
	pages={13--26},
}

@inproceedings{ptakhina2013metamodeling,
	title={Разработка метамоделирования “на лету” в системе QReal},
	author={А.И. Птахина},
	booktitle={Список-2013: Материалы всероссийской научной конференции по проблемам информатики},
	location={СПб.},
	publisher={Изд-во ВВМ},
	year={2013},
	pages={28--36},
}

@inproceedings{kuzenkova2013qreal,
	title={QReal DSM platform-An Environment for Creation of Specific Visual IDEs.},
	author={Kuzenkova, Anastasiia and Deripaska, Anna and Bryksin, Timofey and Litvinov, Yurii and Polyakov, Vladimir},
	booktitle={ENASE},
	pages={205--211},
	year={2013}
}

@inproceedings{terekhov2013robots,
	title={Среда визуального программирования роботов QReal:Robots},
	author={А.Н. Терехов and Т.А. Брыксин and Ю.В. Литвинов},
	booktitle={III Всероссийская конференция "Современное технологическое обучение: от компьютера к роботу" (сборник тезисов)},
	location={СПб.},
	year={2013},
	pages={2--5},
}

@inproceedings{kuzenkova2013refactoring,
	title={Поддержка механизма рефакторингов в DSM-платформе QReal},
	author={А.С. Кузенкова and Ю.В. Литвинов},
	booktitle={Материалы межвузовского конкурса-конференции студентов, аспирантов и молодых ученых Северо-Запада "Технологии Microsoft в теории и практике программирования"},
	location={СПб.},
	publisher={Изд-во СПбГПУ},
	year={2013},
	pages={71--72},
}

@inproceedings{polyakov2013interpreters,
	title={Средство разработки визуальных интерпретаторов и отладчиков диаграмм в проекте QReal},
	author={В.А. Поляков and Т.А. Брыксин},
	booktitle={Материалы межвузовского конкурса-конференции студентов, аспирантов и молодых ученых Северо-Запада "Технологии Microsoft в теории и практике программирования"},
	location={СПб.},
	publisher={Изд-во СПбГПУ},
	year={2013},
	pages={80--81},
}

@article{polyakov2013semantics,
	title={Подходы к заданию семантики интерпретации диаграмм, основанные на технологии преобразования графов},
	author={Поляков, Владимир Александрович and Брыксин, Тимофей Александрович},
	journal={Компьютерные инструменты в образовании},
	year={2013},
	volume={2},
	location={СПб.},
	pages={3--17},
}

@article{polyakov2012semantics,
	title={Подходы к заданию семантики интерпретации диаграмм в рамках DSM-подхода},
	author={В.А. Поляков and Т.А. Брыксин},
	journal={Системное программирование},
	number={7},
	location={СПб.},
	publisher={Изд-во СПбГУ},
	year={2012},
	pages={156--183},
}

@inproceedings{litvinov2012robots,
	title={Визуальные средства программирования роботов и их использование в школах},
	author={Ю.В. Литвинов},
	booktitle={Современные информационные технологии и ИТ-образование, сборник избранных трудов VII Международной научно - практической конференции},
	location={М.},
	publisher={ИНТУИТ.РУ},
	year={2012},
	pages={858--868},
}

@inproceedings{osechkina2012multistroke,
	title={Multistroke Mouse Gestures Recognition in QReal metaCASE Technology},
	author={Maria Osechkina and Yuri Litvinov and Timofey Bryksin},
	booktitle={SYRCoSE 2012: Proceedings of the 6th Spring/Summer Young Researchers’ Colloquium on Software Engineering},
	location={Perm},
	publisher={ISPRAS},
	year={2012},
	pages={194--200},
}

@inproceedings{polyakov2012interpreter,
	title={Разработка визуального интерпретатора моделей в системе QReal},
	author={В.А. Поляков},
	booktitle={Список-2012: Материалы всероссийской научной конференции по проблемам информатики. 25-27 апр. 2012г., Санкт-Петербург},
	location={СПб.},
	publisher={Изд-во ВВМ},
	year={2012},
	pages={56--61},
}

@inproceedings{podkopaev2012generators,
	title={Средства описания генераторов кода для предметно-ориентированных решений в metaCASE-средстве QReal},
	author={А.В. Подкопаев and Т.А. Брыксин},
	booktitle={Список-2012: Материалы всероссийской научной конференции по проблемам информатики. 25-27 апр. 2012г., Санкт-Петербург},
	location={СПб.},
	publisher={Изд-во ВВМ},
	year={2012},
	pages={49--55},
}

@inproceedings{kuzenkova2012refactorings,
	title={Поддержка механизма рефакторингов в metaCASE-системе QReal},
	author={А.С. Кузенкова},
	booktitle={Список-2012: Материалы всероссийской научной конференции по проблемам информатики. 25-27 апр. 2012г., Санкт-Петербург},
	location={СПб.},
	publisher={Изд-во ВВМ},
	year={2012},
	pages={24--33},
}

@inproceedings{osechkina2012recognition,
	title={Распознавание нарисованных диаграмм в проекте QReal},
	author={М.С. Осечкина},
	booktitle={Список-2012: Материалы всероссийской научной конференции по проблемам информатики. 25-27 апр. 2012г., Санкт-Петербург},
	location={СПб.},
	publisher={Изд-во ВВМ},
	year={2012},
	pages={44--48},
}

@inproceedings{sokovikova2012usability,
	title={Usability в проекте QReal:Robots},
	author={Н.А. Соковикова},
	booktitle={Список-2012: Материалы всероссийской научной конференции по проблемам информатики. 25-27 апр. 2012г., Санкт-Петербург},
	location={СПб.},
	publisher={Изд-во ВВМ},
	year={2012},
	pages={66--69},
}

@inproceedings{tikhonova2012robots,
	title={Среда программирования QReal:Robots},
	author={М.В. Тихонова},
	booktitle={Список-2012: Материалы всероссийской научной конференции по проблемам информатики. 25-27 апр. 2012г, Санкт-Петербург},
	location={СПб.},
	publisher={Изд-во ВВМ},
	year={2012},
	pages={70--75},
}

@inproceedings{kuzenkova2011metamodeling2,
	title={Поддержка метамоделирования в среде визуального программирования QReal},
	author={А.С. Кузенкова and А.О. Дерипаска and Ю.В. Литвинов},
	booktitle={Материалы межвузовского конкурса-конференции студентов, аспирантов и молодых ученых Северо-Запада "Технологии Microsoft в теории и практике программирования"},
	location={СПб.},
	publisher={Изд-во СПбГПУ},
	year={2011},
	pages={100--101},
}

@inproceedings{taran2011evolution,
	title={Проблема эволюции визуальных языков метамоделирования в metaCASE-системе QReal},
	author={К.С. Таран and Т.А. Брыксин},
	booktitle={Материалы межвузовского конкурса-конференции студентов, аспирантов и молодых ученых Северо-Запада "Технологии Microsoft в теории и практике программирования"},
	location={СПб.},
	publisher={Изд-во СПбГПУ},
	year={2011},
	pages={159},
}

@inproceedings{podkopaev2011generation,
	title={Генерация кода на основе графической модели},
	author={А.В. Подкопаев and Т.А. Брыксин},
	booktitle={Материалы межвузовского конкурса-конференции студентов, аспирантов и молодых ученых Северо-Запада "Технологии Microsoft в теории и практике программирования"},
	location={СПб.},
	publisher={Изд-во СПбГПУ},
	year={2011},
	pages={112--113},
}

@inproceedings{polyakov2011interpreter,
	title={Разработка визуального интерпретатора моделей в системе QReal},
	author={В.А. Поляков and Т.А. Брыксин},
	booktitle={Материалы межвузовского конкурса-конференции студентов, аспирантов и молодых ученых Северо-Запада "Технологии Microsoft в теории и практике программирования"},
	location={СПб.},
	publisher={Изд-во СПбГПУ},
	year={2011},
	pages={58},
}

@inproceedings{nikonova2011android,
	title={Предметно-ориентированное моделирование приложений для платформы Android},
	author={А.О. Никонова and Т.А. Брыксин},
	booktitle={Материалы межвузовского конкурса-конференции студентов, аспирантов и молодых ученых Северо-Запада "Технологии Microsoft в теории и практике программирования"},
	location={СПб.},
	publisher={Изд-во СПбГПУ},
	year={2011},
	pages={152--153},
}

@inproceedings{kirilenko2011productiveness,
	title={Способы дополнительного повышения производительности труда в средах визуального проектирования},
	author={Я.А. Кириленко and М.С. Осечкина},
	booktitle={Материалы второй научно-технической конференции молодых специалистов «Старт в будущее», посвященной 50-летию полета Ю.А. Гагарина в космос},
	location={СПб.},
	publisher={ОАО "КБСМ"},
	year={2011},
	pages={225--227},
}

@inproceedings{bryksin2011qreal,
	title={Технология визуального предметно-ориентированного проектирования и разработки ПО QReal},
	author={Т.А. Брыксин and Ю.В. Литвинов},
	booktitle={Материалы второй научно-технической конференции молодых специалистов «Старт в будущее», посвященной 50-летию полета Ю.А. Гагарина в космос},
	location={СПб.},
	publisher={ОАО "КБСМ"},
	year={2011},
	pages={222--225},
}

@inproceedings{kuzenkova2011metamodeling,
	title={Метамоделирование: современный подход к созданию средств визуального проектирования},
	author={А.С. Кузенкова and Т.А. Брыксин and Ю.В. Литвинов},
	booktitle={Материалы второй научно-технической конференции молодых специалистов «Старт в будущее», посвященной 50-летию полета Ю.А. Гагарина в космос},
	location={СПб.},
	publisher={ОАО "КБСМ"},
	year={2011},
	pages={228--231},
}

@inproceedings{bryksin2011robots,
	title={Среда визуального программирования роботов QReal:Robots},
	author={Т.А. Брыксин and Ю.В. Литвинов},
	booktitle={Материалы международной конференции "Информационные технологии в образовании и науке"},
	location={Самара},
	publisher={Самарский филиал МГПУ, МГПУ},
	year={2011},
	pages={332--334},
}

@online{kirilenko2011free,
	title={Разработка свободного программного обеспечения для школ как средство обучения программной инженерии},
	author={Я.А. Кириленко},
	journal={Материалы IX Всероссийской конференции "Преподавание информационных технологий в Российской Федерации"},
	location={Саратов},
	year={2011},
	url={http://it-education.ru/2011/section/75/4026/index.html},
	urldate={2013-05-04},
}

@article{kuzenkova2011qreal,
	title={Средства быстрой разработки предметно-ориентированных решений в metaCASE-средстве QReal},
	author={А.С. Кузенкова and А.О. Дерипаска and К.С. Таран and А.В. Подкопаев and Ю.В. Литвинов and Т.А. Брыксин},
	journal={Научно-технические ведомости СПбГПУ, Информатика, телекоммуникации, управление},
	number={4 (128)},
	location={СПб.},
	publisher={Изд-во Политехнического Университета},
	year={2011},
	pages={142--145},
}

@inproceedings{bryksin2011ubiq,
	title={Ubiq Mobile + QReal: a Technology for Development of Distributed Mobile Services},
	author={Timofey Bryksin and Yuri Litvinov and Valentin Onossovski and Andrey N. Terekhov},
	booktitle={10th Conference of Open Innovations Association FRUCT and the 2nd Finnish-Russian Mobile Linux Summit: Proceedings},
	location={СПб.},
	publisher={State University of Aerospace Instrumentation (SUAI)},
	year={2011},
	pages={27--35},
}

@article{bryksin2011studprojects2,
	title={Опыт проведения студенческих проектов на примере реализации metaCASE-системы QReal},
	author={Т.А. Брыксин},
	journal={Компьютерные инструменты в образовании},
	number={5},
	location={СПб.},
	publisher={АНО "КИО"},
	year={2011},
	pages={46--63},
}

@article{bryksin2011studprojects,
	title={Студенческие проекты по программированию как средство формирования профессиональных навыков},
	author={Т.А. Брыксин},
	journal={Системное программирование},
	number={6},
	location={СПб.},
	publisher={Изд-во СПбГУ},
	year={2011},
	pages={116--135},
}

@article{osechkina2010gestures,
	title={Поддержка жестов мышью в мета-CASE-системах},
	author={М.С. Осечкина and Т.А. Брыксин and Ю.В. Литвинов and Я.А. Кириленко},
	journal={Системное программирование},
	number={5},
	location={СПб.},
	publisher={Изд-во СПбГУ},
	year={2010},
	pages={52--75},
}

@inproceedings{bryksin2009generativny,
	title={О генеративном подходе к созданию визуальных редакторов},
	author={Т.А. Брыксин},
	booktitle={Материалы Второй всероссийской научно-практической конференции, посвященной памяти засл. деятеля науки РФ, профессора В.Ф. Волкодавова},
	location={Самара},
	publisher={Изд-во ПГСГА},
	year={2009},
	pages={207--209},
}

@article{terekhov2009architecture,
	title={Архитектура среды визуального моделирования QReal},
	author={А.Н. Терехов and Т.А. Брыксин and Ю.В. Литвинов and К.К. Смирнов and Г.А. Никандров and В.Ю. Иванов and Е.И. Такун},
	journal={Системное программирование},
	number={4},
	location={СПб.},
	publisher={Изд-во СПбГУ},
	year={2009},
	pages={171--196},
}
		
