@online{deripaska2013course,
	title={Визуальный язык для платформы Ubiq Mobile в среде QReal},
	author={А.О. Дерипаска},
	year={2013},
	url={http://se.math.spbu.ru/SE/YearlyProjects/2013/YearlyProjects/2013/445/445-Deripaska-report.pdf},
	urldate={2014-02-22},
}

@online{deripaska2012course,
	title={Визуальный язык задания ограничений на модели в QReal},
	author={А.О. Дерипаска},
	year={2012},
	url={http://se.math.spbu.ru/SE/YearlyProjects/2012/YearlyProjects/2012/345/345_Deripaska_report.pdf},
	urldate={2014-02-22},
}
